% This file was created with JabRef 2.5.
% Encoding: Cp1252

@STRING{aa = {Astron. \& Astrophys.}}

@STRING{aasup = {Astron. \& Astrophys. Suppl. Ser.}}

@STRING{acmtransmathsoft = {{ACM} Trans. Math. Software}}

@STRING{adp = {Ann. Phys. (Leipzig)}}

@STRING{advp = {Adv. Phys.}}

@STRING{aihpa = {Ann. Inst. Henri Poincar{\'{e}}, A}}

@STRING{aj = {Astron. J.}}

@STRING{ajm = {Am. J. Math.}}

@STRING{ajp = {Am. J. Phys.}}

@STRING{am = {Ann. Math.}}

@STRING{amsci = {Amer. Sci.}}

@STRING{anofd = {Ann. Fluid Dyn.}}

@STRING{ao = {Appl. Opt.}}

@STRING{ap = {Ann. Phys. (NY)}}

@STRING{aph = {Acta Phys.}}

@STRING{apj = {Astrophys. J.}}

@STRING{apjsup = {Astrophys. J. Suppl. Ser.}}

@STRING{apl = {Appl. Phys. Lett.}}

@STRING{app = {Astroparticle Phys.}}

@STRING{apss = {Astrophys. Space Sci.}}

@STRING{araa = {Ann. Rev. Astron. Astrophys.}}

@STRING{baas = {Bull. Am. Astron. Soc.}}

@STRING{baps = {Bull. Am. Phys. Soc.}}

@STRING{cjp = {Can. J. Phys.}}

@STRING{cmp = {Commun. Math. Phys.}}

@STRING{cpam = {Commun. Pure Appl. Math.}}

@STRING{cpc = {Comput. Phys. Comm.}}

@STRING{cppcf = {Comments Plasma Phys. \& Controlled Fusion}}

@STRING{cqg = {Class. Quant. Grav.}}

@STRING{cra = {C. R. Acad. Sci. A}}

@STRING{epl = {Europhys. Lett.}}

@STRING{fdp = {Fortschr. Phys.}}

@STRING{fed = {Fusion Eng. \& Design}}

@STRING{fop = {Foundations of Physics }}

@STRING{ft = {Fusion Tech.}}

@STRING{grg = {Gen. Relativ. Gravit.}}

@STRING{ieeens = {IEEE Trans. Nucl. Sci.}}

@STRING{ieeeps = {IEEE Trans. Plasma Sci.}}

@STRING{ieeetransapplsuper = {IEEE Trans. Appl. Supercond.}}

@STRING{ieeetransinftheory = {IEEE Trans. Inf. Theory}}

@STRING{ijimw = {Interntl. J. Infrared \& Millimeter Waves}}

@STRING{ijtp = {Int. J. Theor. Phys.}}

@STRING{inc = {Nuovo Cimento}}

@STRING{ip = {Infrared Phys.}}

@STRING{irp = {Infrared Phys.}}

@STRING{jap = {J. Appl. Phys.}}

@STRING{jasa = {J. Acoust. Soc. America}}

@STRING{jcp = {J. Comput. Phys.}}

@STRING{jetp = {Sov. Phys.--JETP}}

@STRING{jfe = {J. Fusion Energy}}

@STRING{jfm = {J. Fluid Mech.}}

@STRING{jmp = {J. Math. Phys.}}

@STRING{jne = {J. Nucl. Energy}}

@STRING{jnec = {J. Nucl. Energy, C: Plasma Phys., Accelerators, Thermonucl. Res.}}

@STRING{jnm = {J. Nucl. Mat.}}

@STRING{josa = {J. Opt. Soc. Am.}}

@STRING{jpa = {J. Phys. A}}

@STRING{jpc = {J. Phys. Chem.}}

@STRING{jpp = {J. Plasma Phys.}}

@STRING{jpsj = {J. Phys. Soc. Japan}}

@STRING{jsi = {J. Sci. Instrum.}}

@STRING{jvst = {J. Vac. Sci. \& Tech.}}

@STRING{nat = {Nature (London)}}

@STRING{natphys = {Nature Phys.}}

@STRING{nature = {Nature (London)}}

@STRING{nc = {Nuovo Cimento}}

@STRING{nedf = {Nucl. Eng. \& Design/Fusion}}

@STRING{nf = {Nucl. Fusion}}

@STRING{nim = {Nucl. Inst. \& Meth.}}

@STRING{nimpr = {Nucl. Inst. \& Meth. in Phys. Res.}}

@STRING{njp = {New J. Phys.}}

@STRING{np = {Nucl. Phys.}}

@STRING{npb = {Nucl. Phys. B}}

@STRING{npbpc = {Nucl. Phys. B (Proc. Suppl.)}}

@STRING{nt/f = {Nucl. Tech./Fusion}}

@STRING{pf = {Phys. Fluids}}

@STRING{pfa = {Phys. Fluids A: Fluid Dyn.}}

@STRING{pfb = {Phys. Fluids B: Plasma Phys.}}

@STRING{phitrsl = {Philos. Trans. Roy. Soc. London}}

@STRING{physrev = {Phys. Rev.}}

@STRING{pl = {Phys. Lett.}}

@STRING{pla = {Phys. Lett. A}}

@STRING{plb = {Phys. Lett. B}}

@STRING{pnas = {Proc. Nat. Acad. Sci. USA}}

@STRING{pp = {Phys. Plasmas}}

@STRING{ppcf = {Plasma Phys. \& Controlled Fusion}}

@STRING{pr = {Phys. Rev.}}

@STRING{pra = {Phys. Rev. A}}

@STRING{prb = {Phys. Rev. B}}

@STRING{prc = {Phys. Rev. C}}

@STRING{prd = {Phys. Rev. D}}

@STRING{pre = {Phys. Rev. E}}

@STRING{prep = {Phys. Rep.}}

@STRING{prl = {Phys. Rev. Lett.}}

@STRING{procieee = {Proc. {IEEE}}}

@STRING{procrsa = {Proc. R. Soc. A}}

@STRING{procrsl = {Proc. R. Soc. London}}

@STRING{ps = {Phys. Scripta}}

@STRING{qopt = {Quantum Opt.}}

@STRING{rmp = {Rev. Mod. Phys.}}

@STRING{rpp = {Rep. Prog. Phys.}}

@STRING{rsi = {Rev. Sci. Inst.}}

@STRING{sam = {Stud. Appl. Math.}}

@STRING{sciam = {Sci. Am.}}

@STRING{science = {Science}}

@STRING{sjpp = {Sov. J. Plasma Phys.}}

@STRING{spd = {Sov. Phys.--Doklady}}

@STRING{sptp = {Sov. Phys.--Tech. Phys.}}

@STRING{spu = {Sov. Phys.--Uspeki}}

@STRING{st = {Sky and Telesc.}}

