% This file was created with JabRef 2.5.
% Encoding: Cp1252

@STRING{aa = {Astronomy and Astrophysics}}

@STRING{aasup = {Astronomy and Astrophysics, Supplement Series}}

@STRING{acmtransmathsoft = {{ACM} Transactions on Mathematical Software}}

@STRING{adp = {Annalen der Physik}}

@STRING{advp = {Advances in Physics}}

@STRING{aihpa = {Annales de l'Institut Henri Poincar{\'e}: Section A}}

@STRING{aj = {Astronomical Journal}}

@STRING{ajm = {American Journal of Mathematics}}

@STRING{ajp = {American Journal of Physics}}

@STRING{am = {Annals of Mathematics}}

@STRING{amsci = {American Scientist}}

@STRING{anofd = {Annals of Fluid Dynamics}}

@STRING{ao = {Applied Optics}}

@STRING{ap = {Annals of Physics}}

@STRING{aph = {Acta Physica}}

@STRING{apj = {Astrophysical Journal}}

@STRING{apjsup = {Astrophysical Journal Supplement}}

@STRING{apl = {Applied Physics Letters}}

@STRING{app = {Astroparticle Physics}}

@STRING{apss = {Astrophysics and Space Science}}

@STRING{araa = {Annual Review of Astronomy and Astrophysics}}

@STRING{baas = {Bulletin of the American Astronomical Society}}

@STRING{baps = {Bulletin of the American Physical Society}}

@STRING{cjp = {Canadian Journal of Physics}}

@STRING{cmp = {Communications in Mathematical Physics}}

@STRING{cpam = {Communications on Pure and Applied Mathematics}}

@STRING{cpc = {Computer Physics Communications}}

@STRING{cppcf = {Comments on Plasma Physics and Controlled Fusion}}

@STRING{cqg = {Classical and Quantum Gravity}}

@STRING{cra = {Comptes Rendus des S{\'e}ances de l'Acad{\'e}mie des Sciences A}}

@STRING{epl = {Europhysics Letters}}

@STRING{fdp = {Fortschritte der Physik }}

@STRING{fed = {Fusion Engineering and Design}}

@STRING{fop = {Foundations of Physics}}

@STRING{ft = {Fusion Technology}}

@STRING{grg = {General Relativity and Gravitation}}

@STRING{ieeens = {IEEE Transactions on Nuclear Science}}

@STRING{ieeeps = {IEEE Transactions on Plasma Science}}

@STRING{ieeetransapplsuper = {IEEE Transactions on Applied Superconductivity}}

@STRING{ieeetransinftheory = {IEEE Transactions on Information Theory}}

@STRING{ijimw = {International Journal of Infrared and Millimeter Waves}}

@STRING{ijtp = {International Journal of Theoretical Physics}}

@STRING{inc = {Il Nuovo Cimento}}

@STRING{ip = {Infrared Physics}}

@STRING{irp = {Infrared Physics}}

@STRING{jap = {Journal of Applied Physics}}

@STRING{jasa = {Journal of the Acoustical Society of America}}

@STRING{jcp = {Journal of Computational Physics}}

@STRING{jetp = {Soviet Physics--JETP}}

@STRING{jfe = {Journal of Fusion Energy}}

@STRING{jfm = {Journal of Fluid Mechanics}}

@STRING{jmp = {Journal of Mathematical Physics}}

@STRING{jne = {Journal of Nuclear Energy}}

@STRING{jnec = {Journal of Nuclear Energy, Part C: Plasma Physics, Accelerators,
	Thermonuclear Research}}

@STRING{jnm = {Journal of Nuclear Materials}}

@STRING{josa = {Journal of the Optical Society of America }}

@STRING{jpa = {Journal of Physics A}}

@STRING{jpc = {Journal of Physical Chemistry}}

@STRING{jpp = {Journal of Plasma Physics}}

@STRING{jpsj = {Journal of the Physical Society of Japan}}

@STRING{jsi = {Journal of Scientific Instruments}}

@STRING{jvst = {Journal of Vacuum Science and Technology}}

@STRING{nat = {Nature}}

@STRING{natphys = {Nature Physics}}

@STRING{nature = {Nature}}

@STRING{nc = {Nuovo Cimento}}

@STRING{nedf = {Nuclear Engineering and Design/Fusion}}

@STRING{nf = {Nuclear Fusion}}

@STRING{nim = {Nuclear Instruments and Methods}}

@STRING{nimpr = {Nuclear Instruments and Methods in Physics Research}}

@STRING{njp = {New Journal of Physics}}

@STRING{np = {Nuclear Physics}}

@STRING{npb = {Nuclear Physics B}}

@STRING{npbpc = {Nuclear Physics B (Proceedings Supplements)}}

@STRING{nt/f = {Nuclear Technology/Fusion}}

@STRING{pf = {Physics of Fluids}}

@STRING{pfa = {Physics of Fluids A: Fluid Dynamics}}

@STRING{pfb = {Physics of Fluids B: Plasma Physics}}

@STRING{phitrsl = {Philosophical Transactions of the Royal Society of London}}

@STRING{physrev = {Physical Review}}

@STRING{pl = {Physics Letters}}

@STRING{pla = {Physics Letters A}}

@STRING{plb = {Physics Letters B}}

@STRING{pnas = {Proceedings of the National Academy of Sciences of the USA}}

@STRING{pp = {Physics of Plasmas}}

@STRING{ppcf = {Plasma Physics and Controlled Fusion}}

@STRING{pr = {Physical Review}}

@STRING{pra = {Physical Review A}}

@STRING{prb = {Physical Review B}}

@STRING{prc = {Physical Review C}}

@STRING{prd = {Physical Review D}}

@STRING{pre = {Physical Review E}}

@STRING{prep = {Physics Reports}}

@STRING{prl = {Physical Review Letters}}

@STRING{procieee = {Proceedings of the {IEEE}}}

@STRING{procrsa = {Proceedings of the Royal Society A}}

@STRING{procrsl = {Proceedings of the Royal Society of London}}

@STRING{ps = {Physica Scripta}}

@STRING{qopt = {Quantum Optics: Journal of the European Optical Society Part B}}

@STRING{rmp = {Reviews of Modern Physics}}

@STRING{rpp = {Reports on Progress in Physics}}

@STRING{rsi = {Review of Scientific Instruments}}

@STRING{sam = {Studies in Applied Mathematics}}

@STRING{sciam = {Scientific American}}

@STRING{science = {Science}}

@STRING{sjpp = {Soviet Journal of Plasma Physics}}

@STRING{spd = {Soviet Physics--Doklady}}

@STRING{sptp = {Soviet Physics--Technical Physics}}

@STRING{spu = {Soviet Physics--Uspeki}}

@STRING{st = {Sky and Telescope}}

