% This file was created with JabRef 2.4.2.
% Encoding: Cp1252

@STRING{LSB = {Lev S. Bishop}}

@comment{jabref-meta: selector_publisher:}

@comment{jabref-meta: selector_author:}

@comment{jabref-meta: selector_journal:}

@comment{jabref-meta: selector_keywords:}

