% This file was created with JabRef 2.4.2.
% Encoding: Cp1252

@PREAMBLE{"\providecommand{\bishopauthor}{\textsc{Lev~S. Bishop}}"

}

@STRING{LSB = {{{\bishopauthor}}}}

@comment{jabref-meta: selector_publisher:}

@comment{jabref-meta: selector_author:}

@comment{jabref-meta: selector_journal:}

@comment{jabref-meta: selector_keywords:}

